<?xml version="1.0" encoding="UTF-8"?><record xmlns="http://www.loc.gov/MARC21/slim" xmlns:cinclude="http://apache.org/cocoon/include/1.0" xmlns:zs="http://www.loc.gov/zing/srw/">
  <leader>00602cz  a2200157n  4500</leader>
  <controlfield tag="001">n  97078413 </controlfield>
  <controlfield tag="003">DLC</controlfield>
  <controlfield tag="005">20001118070632.0</controlfield>
  <controlfield tag="008">970805n| acannaabn          |a aaa      </controlfield>
  <datafield tag="010" ind1=" " ind2=" ">
    <subfield code="a">n  97078413 </subfield>
  </datafield>
  <datafield tag="035" ind1=" " ind2=" ">
    <subfield code="a">(OCoLC)oca04400966</subfield>
  </datafield>
  <datafield tag="040" ind1=" " ind2=" ">
    <subfield code="a">DLC</subfield>
    <subfield code="b">eng</subfield>
    <subfield code="c">DLC</subfield>
    <subfield code="d">OCoLC</subfield>
  </datafield>
  <datafield tag="100" ind1="1" ind2=" ">
    <subfield code="a">Varella, Reyes</subfield>
  </datafield>
  <datafield tag="400" ind1="1" ind2=" ">
    <subfield code="a">Varella Martí, Reyes</subfield>
  </datafield>
  <datafield tag="400" ind1="1" ind2=" ">
    <subfield code="a">Martí, Reyes Varella</subfield>
  </datafield>
  <datafield tag="670" ind1=" " ind2=" ">
    <subfield code="a">El empleo femenino en el sector financiero en España, 1996:</subfield>
    <subfield code="b">t.p. (Reyes Varella) flap of cover (Reyes Varella Martí; prof. en la Facultat de Ciències Jurídiques i Econòmiques d'Osona, estudis Universitaris de Vic--)</subfield>
  </datafield>
</record>